@Article{pmid24185837,
Author="Steijger, T.  and Abril, J. F.  and Engstrom, P. G.  and Kokocinski, F.  and RGASP consortium, and Hubbard, T. J.  and Guigo, R.  and Harrow, J.  and Bertone, P. ",
   Title="{{A}ssessment of transcript reconstruction methods for {R}{N}{A}-seq}",
   Journal="Nature Methods",
   Year="2013",
   Volume="10",
   Number="12"
  }
  
@Article{pmid22722343,
   Author="Anders, S.  and Reyes, A.  and Huber, W. ",
   Title="{Detecting differential usage of exons from {R}{N}{A}-seq data}",
   Journal="Genome Research",
   Year="2012",
   Volume="22",
   Number="10"
   }
   
@Article{fdr,
  Author={Benjamini, Y. and Hochberg, Y.},
  Title={Controlling the false discovery rate: a practical and powerful approach to multiple testing},
  Journal={J. Roy. Statist. Soc. Ser.},
  Year={1995},
  Number={1}
}

% 19910308 
@Article{Robinson2012,
  Author="Robinson, M. D.  and McCarthy, D. J.  and Smyth, G. K. ",
  Title="{edge{R}: a {B}ioconductor package for differential expression analysis of digital gene expression data}",
   Journal="Bioinformatics",
   Year="2010",
   Volume="26",
   Number="1"
  }

@article{tophat,
  Author = {Trapnell, Cole and Pachter, Lior and Salzberg, Steven L},
  Journal = {Bioinformatics},
  Number = {9},
  Title = {TopHat: discovering splice junctions with RNA-Seq.},
  Volume = {25},
  Year = {2009} }

@Article{Lawrence2013ranges,
  Author={Michael Lawrence and Wolfgang Huber and Herv\'e Pag\`es and
          Patrick Aboyoun and Marc Carlson and Robert Gentleman and
          Martin T. Morgan and Vincent J. Carey},
  Title={Software for Computing and Annotating Genomic Ranges},
  Journal={PLOS Computational Biology},
  Volume={4},
  Number={3},
  Year={2013}
}
@article{smyth2004linear,
  title={Linear models and empirical Bayes methods for assessing differential expression in microarray experiments},
  author={Smyth, Gordon K},
  journal={Statistical applications in genetics and molecular biology},
  volume={3},
  number={1},
  year={2004}
}

@Article{pmid25258385,
Author="Braunschweig, U.  and Barbosa-Morais, N. L.  and Pan, Q.  and Nachman, E. N.  and Alipanahi, B.  and Gonatopoulos-Pournatzis, T.  and Frey, B.  and Irimia, M.  and Blencowe, B. J. ",
   Title="{{W}idespread intron retention in mammals functionally tunes transcriptomes}",
   Journal="Genome Research",
   Year="2014",
   Volume="24",
   Number="11"
}

% 25511303 
@Article{pmid25511303,
   Author="Liu, R.  and Loraine, A. E.  and Dickerson, J. A. ",
   Title="{{C}omparisons of computational methods for differential alternative splicing detection using {R}{N}{A}-seq in plant systems}",
   Journal="BMC Bioinformatics",
   Year="2014",
   Volume="15",
   Number="1"
}

@Article{pmid22391557,
   Author="Marquez, Y.  and Brown, J. W.  and Simpson, C.  and Barta, A.  and Kalyna, M. ",
   Title="{{T}ranscriptome survey reveals increased complexity of the alternative splicing landscape in {A}rabidopsis}",
   Journal="Genome Research",
   Year="2012",
   Volume="22",
   Number="6"
}

% 17222076 
@Article{pmid17222076,
   Author="Reddy, A. S. ",
   Title="{{A}lternative splicing of pre-messenger {R}{N}{A}s in plants in the genomic era}",
   Journal="Annual Review Plant Biology",
   Year="2007",
   Volume="58"
   }
   
@Article{pmid20110989,
   Author="Nilsen, T. W.  and Graveley, B. R. ",
   Title="{{E}xpansion of the eukaryotic proteome by alternative splicing}",
   Journal="Nature",
   Year="2010",
   Volume="463",
   Number="7280"
}

@Article{pmid20376054,
   Author="Keren, H.  and Lev-Maor, G.  and Ast, G. ",
   Title="{{A}lternative splicing and evolution: diversification, exon definition and function}",
     Journal="Nature Reviews Genetics",
   Year="2010",
   Volume="11",
   Number="5",
}

@Article{pmid24549677,
   Author="Alamancos, G. P.  and Agirre, E.  and Eyras, E. ",
   Title="{{M}ethods to study splicing from high-throughput {R}{N}{A} sequencing data}",
   Journal="Methods in Molecular Biology",
   Year="2014",
   Volume="1126"}
   
@article{Zarnack2013453,
  title = "Direct Competition between hnRNP C and \{U2AF65\} Protects the Transcriptome from the Exonization of Alu Elements ",
  Journal = "Cell ",
  Volume = "152",
  Number = "3",
  Year = "2013",
  Author = "Kathi Zarnack and Julian Konig and Mojca Tajnik and I\~nigo Martincorena and Sebastian Eustermann and Isabelle Stevant and Alejandro Reyes and Simon Anders and Nicholas M. Luscombe and Jernej Ule"
}

@Article{pmid25934563,
   Author="Marquez, Y.  and Hopfler, M.  and Ayatollahi, Z.  and Barta, A.  and Kalyna, M. ",
   Title="{{U}nmasking alternative splicing inside protein-coding exons defines exitrons and their role in proteome plasticity}",
   Journal="Genome Research",
   Year="2015",
   Volume="25",
   Number="7"
   }
   
@Article{Gviz,
Author="Hahne, F., Durinck, S., Ivanek, R., Mueller, A., Lianoglou,  S., Tan, G., Parsons, L. and Pai, S.",
Title="{ Gviz: Plotting data and annotation information along genomic coordinates}",
Journal="R package version 1.14.4"
}
 
@Article{pmid21057496,
   Author="Katz, Y.  and Wang, E. T.  and Airoldi, E. M.  and Burge, C. B. ",
   Title="{{A}nalysis and design of {R}{N}{A} sequencing experiments for identifying isoform   regulation}",
   Journal="Nature Methods",
   Year="2010",
   Volume="7",
   Number="12" }
   
@article{Hong01122006,
author = {Hong, Xin and Scofield, Douglas G. and Lynch, Michael}, 
title = {Intron Size, Abundance, and Distribution within Untranslated Regions of Genes},
volume = {23}, 
number = {12}, 
pages = {2392-2404}, 
year = {2006}, 
journal = {Molecular Biology and Evolution} 
}


